# # # # # # # # # # # # # # # # # # # # # # # # # # # # # # # # # # # # # # # #

@article{dataWarehouses,
  title   = {An Architecture for a Business and Information System},
  author  = {Barry A. Devlin and Paul T. Murphy},
  journal = {IBM Syst. J.},
  year    = {1988},
  volume  = {27},
  pages   = {60-80}
}

@article{dataWarehouseMining,
  title   = {The data warehouse and data mining},
  author  = {William H. Inmon},
  journal = {Communications of the ACM},
  year    = {1996},
  volume  = {39},
  issue   = {11},
  url     = {https://link.gale.com/apps/doc/A18993844/AONE?u=anon~8d447f8d&sid=googleScholar&xid=9f3e529f}
}

@article{integration,
  title    = {Integration of dynamic Docker containers and kuberneters with advanced cloud and Internet of Things},
  journal  = {Materials Today: Proceedings},
  year     = {2021},
  issn     = {2214-7853},
  doi      = {https://doi.org/10.1016/j.matpr.2021.07.276},
  url      = {https://www.sciencedirect.com/science/article/pii/S221478532105135X},
  author   = {Rekha Gangula and G. {Jagadeesh Kumar} and Sesham Anand and A.V. {Krishna Prasad}},
  keywords = {Cloud Computing, IBM Bluemix, Internet of Things, Kubernetes}
}

@article{dockerVuln,
  title    = {Docker ecosystem --- Vulnerability Analysis},
  journal  = {Computer Communications},
  volume   = {122},
  pages    = {30-43},
  year     = {2018},
  issn     = {0140-3664},
  doi      = {https://doi.org/10.1016/j.comcom.2018.03.011},
  url      = {https://www.sciencedirect.com/science/article/pii/S0140366417300956},
  author   = {A. Martin and S. Raponi and T. Combe and R. {Di Pietro}},
  keywords = {Security, Containers, Docker, Virtual Machines, DevOps, Orchestration}
}

@article{vuln30,
  title     = {Over 30\% of official images in docker hub contain high priority security vulnerabilities},
  author    = {Gummaraju, Jayanth and Desikan, Tarun and Turner, Yoshio},
  journal   = {Technical Report},
  year      = {2015},
  publisher = {Banyan Ops}
}

@article{performanceEval,
  title   = {Performance Evaluation of Docker Container and Virtual Machine},
  journal = {Procedia Computer Science},
  volume  = {171},
  pages   = {1419-1428},
  year    = {2020},
  author  = {Amit M., Potdar and Narayan, D. G. and Shivaraj, Kengond and Mohammed, Moin Mulla}
}

@article{genom,
  title   = {Implementation of human whole genome sequencing data analysis: A containerized framework for sustained and enhanced throughput},
  journal = {Informatics in Medicine Unlocked},
  volume  = {25},
  pages   = {100684},
  year    = {2021},
  issn    = {2352-9148},
  doi     = {https://doi.org/10.1016/j.imu.2021.100684},
  author  = {Abhishek, Panda and Krithika, Subramanian and Bratati, Kahali}
}

@article{fallDetection,
  title    = {Docker based Intelligent Fall Detection using Edge-Fog Infrastructure},
  journal  = {IFAC-PapersOnLine},
  volume   = {53},
  number   = {1},
  pages    = {45-50},
  year     = {2020},
  note     = {6th Conference on Advances in Control and Optimization of Dynamical Systems ACODS 2020},
  issn     = {2405-8963},
  doi      = {https://doi.org/10.1016/j.ifacol.2020.06.008},
  author   = {Divya, V and Leena Sri, R},
}

@article{microservices,
  title   = {CAPODAZ: A containerised authorisation and policy-driven architecture using microservices},
  journal = {Ad Hoc Networks},
  volume  = {104},
  pages   = {102153},
  year    = {2020},
  issn    = {1570-8705},
  author  = {Dimitrios, Kallergis and Zacharenia, Garofalaki and Georgios, Katsikogiannis and Christos, Douligeris}
}

@article{dawak,
title = {Exploring the research landscape of data warehousing and mining based on DaWaK Conference full-text articles},
journal = {Data and Knowledge Engineering},
volume = {135},
pages = {101926},
year = {2021},
issn = {0169-023X},
author = {Tatsawan, Timakum and Soobin, Lee and Min, Song},
}

# # # # # # # # # # # # # # # # # # # # # # # # # # # # # # # # # # # # # # # #

@inproceedings{hypervisorVsContainer,
  author    = {Morabito, Roberto and Kj√§llman, Jimmy and Komu, Miika},
  booktitle = {2015 IEEE International Conference on Cloud Engineering},
  title     = {Hypervisors vs. Lightweight Virtualization: A Performance Comparison},
  year      = {2015},
  volume    = {},
  number    = {},
  pages     = {386-393},
  doi       = {10.1109/IC2E.2015.74}
}

# # # # # # # # # # # # # # # # # # # # # # # # # # # # # # # # # # # # # # # #

@unpublished{magicTheGathering,
  author = {Suresh Kotha},
  title  = {Wizards of the Coast},
  note   = {Archived from the original (PDF) on September 1, 2006, retrieved August 11, 2013},
  day    = 19,
  month  = 10,
  year   = 1998,
  url    = {https://web.archive.org/web/20060901100217/http://faculty.bschool.washington.edu/skotha/website/cases%20pdf/Wizards%20of%20the%20coast%201.4.pdf}
}

@unpublished{thePython,
  author = {Guido Van Rossum},
  title  = {The History of Python: A Brief Timeline of Python},
  note   = {Archived from the original on 5 June 2020. Retrieved 5 March 2021.},
  day    = 20,
  month  = 1,
  year   = 2009,
  url    = {https://python-history.blogspot.com/2009/01/brief-timeline-of-python.html}
}